<record><leader>00000cas a22000007a 4500</leader><controlfield tag="001">6749070</controlfield><controlfield tag="007">cr un|||||||||</controlfield><controlfield tag="008">800924d19652008mauwr ne      0   a0eng c</controlfield><datafield ind1=" " ind2=" " tag="010"><subfield code="a">sn 83045147 </subfield></datafield><datafield ind1=" " ind2=" " tag="040"><subfield code="a">BTI</subfield><subfield code="b">eng</subfield><subfield code="c">BTI</subfield><subfield code="d">NPW</subfield><subfield code="d">HUL</subfield><subfield code="d">NPV</subfield><subfield code="d">CRL</subfield><subfield code="d">DLC</subfield><subfield code="d">NST</subfield><subfield code="d">YOX</subfield><subfield code="d">MGN</subfield><subfield code="d">YOX</subfield><subfield code="d">MGN</subfield><subfield code="d">CRL</subfield><subfield code="d">DLC</subfield><subfield code="d">DCN</subfield><subfield code="d">CUS</subfield><subfield code="d">OCL</subfield><subfield code="d">HLS</subfield><subfield code="d">DLC</subfield><subfield code="d">NSD</subfield><subfield code="d">BOS</subfield><subfield code="d">DLC</subfield><subfield code="d">OCLCQ</subfield><subfield code="d">OCLCF</subfield><subfield code="d">OCLCO</subfield></datafield><datafield ind1=" " ind2=" " tag="012"><subfield code="m">d</subfield><subfield code="l">a</subfield></datafield><datafield ind1="0" ind2=" " tag="022"><subfield code="a">1946-6730</subfield><subfield code="2">1</subfield></datafield><datafield ind1=" " ind2=" " tag="042"><subfield code="a">nsdp</subfield><subfield code="a">pcc</subfield></datafield><datafield ind1=" " ind2=" " tag="043"><subfield code="a">n-us-ma</subfield></datafield><datafield ind1="1" ind2="0" tag="050"><subfield code="a">ISSN RECORD</subfield></datafield><datafield ind1="1" ind2="4" tag="050"><subfield code="a">AP2</subfield><subfield code="b">.B278</subfield></datafield><datafield ind1="1" ind2="0" tag="082"><subfield code="a">305</subfield><subfield code="2">14</subfield></datafield><datafield ind1=" " ind2="0" tag="222"><subfield code="a">Bay State banner</subfield><subfield code="b">(Boston, MA)</subfield></datafield><datafield ind1="0" ind2="0" tag="245"><subfield code="a">Bay State banner.</subfield></datafield><datafield ind1="3" ind2="0" tag="246"><subfield code="a">Banner</subfield></datafield><datafield ind1=" " ind2=" " tag="260"><subfield code="a">Roxbury [Boston] Mass. :</subfield><subfield code="b">Banner Pub. Co.,</subfield><subfield code="c">1965-[2008]</subfield></datafield><datafield ind1=" " ind2=" " tag="300"><subfield code="a">v. ;</subfield><subfield code="c">44 cm.</subfield></datafield><datafield ind1=" " ind2=" " tag="310"><subfield code="a">Weekly</subfield></datafield><datafield ind1="0" ind2=" " tag="362"><subfield code="a">Vol. 1, no. 1 (Sept. 25, 1965) - v. 43, no. 33 (Mar. 27, 2008).</subfield></datafield><datafield ind1=" " ind2=" " tag="500"><subfield code="a">Suspended from Apr. 23-May 21, 1966.</subfield></datafield><datafield ind1=" " ind2=" " tag="500"><subfield code="a">Published in Dorchester, Mass., &lt;1988&gt;-</subfield></datafield><datafield ind1=" " ind2=" " tag="525"><subfield code="a">Supplements accompany some issues.</subfield></datafield><datafield ind1=" " ind2=" " tag="530"><subfield code="a">Also issued by subscription via the World Wide Web.</subfield></datafield><datafield ind1=" " ind2=" " tag="588"><subfield code="a">Latest issue consulted: Vol. 27, no. 31 (Apr. 23, 1992).</subfield></datafield><datafield ind1=" " ind2="0" tag="650"><subfield code="a">African Americans</subfield><subfield code="z">Massachusetts</subfield><subfield code="z">Boston</subfield><subfield code="v">Newspapers.</subfield></datafield><datafield ind1=" " ind2="0" tag="651"><subfield code="a">Dorchester (Boston, Mass.)</subfield><subfield code="v">Newspapers.</subfield></datafield><datafield ind1=" " ind2="0" tag="651"><subfield code="a">Roxbury (Boston, Mass.)</subfield><subfield code="v">Newspapers.</subfield></datafield><datafield ind1=" " ind2="0" tag="651"><subfield code="a">Boston (Mass.)</subfield><subfield code="v">Newspapers.</subfield></datafield><datafield ind1=" " ind2="7" tag="655"><subfield code="a">Newspapers.</subfield><subfield code="2">fast</subfield><subfield code="0">(OCoLC)fst01423814</subfield></datafield><datafield ind1=" " ind2="7" tag="650"><subfield code="a">African Americans.</subfield><subfield code="2">fast</subfield><subfield code="0">(OCoLC)fst00799558</subfield></datafield><datafield ind1=" " ind2="7" tag="651"><subfield code="a">Massachusetts</subfield><subfield code="z">Boston.</subfield><subfield code="2">fast</subfield><subfield code="0">(OCoLC)fst01205012</subfield></datafield><datafield ind1=" " ind2="7" tag="651"><subfield code="a">Massachusetts</subfield><subfield code="z">Boston</subfield><subfield code="z">Dorchester.</subfield><subfield code="2">fast</subfield><subfield code="0">(OCoLC)fst01312907</subfield></datafield><datafield ind1=" " ind2="7" tag="651"><subfield code="a">Massachusetts</subfield><subfield code="z">Boston</subfield><subfield code="z">Roxbury.</subfield><subfield code="2">fast</subfield><subfield code="0">(OCoLC)fst01318568</subfield></datafield><datafield ind1=" " ind2=" " tag="752"><subfield code="a">United States</subfield><subfield code="b">Massachusetts</subfield><subfield code="c">Suffolk</subfield><subfield code="d">Boston.</subfield></datafield><datafield ind1="0" ind2="0" tag="785"><subfield code="t">Boston banner</subfield><subfield code="x">1946-8733</subfield><subfield code="w">(DLC)  2008234960</subfield><subfield code="w">(OCoLC)228859366</subfield></datafield><datafield ind1=" " ind2=" " tag="850"><subfield code="a">ICRL</subfield><subfield code="a">MH-BA</subfield></datafield><datafield ind1="4" ind2="1" tag="856"><subfield code="u">http://www.softlineweb.com/softlineweb/ethnic.htm</subfield><subfield code="z">Link not valid Oct. 30, 2008</subfield></datafield><datafield ind1="4" ind2="1" tag="856"><subfield code="u">http://www2.baystatebanner.com/archives.htm</subfield></datafield></record>